@article{Abbott:2017wau,
      author         = "Abbott, T. M. C. and others",
      title          = "{Dark Energy Survey Year 1 Results: Cosmological
                        Constraints from Galaxy Clustering and Weak Lensing}",
      collaboration  = "DES",
      year           = "2017",
      eprint         = "1708.01530",
      archivePrefix  = "arXiv",
      primaryClass   = "astro-ph.CO",
      reportNumber   = "FERMILAB-PUB-17-294-PPD",
      SLACcitation   = "%%CITATION = ARXIV:1708.01530;%%"
}

@article{Amendola:2016saw,
      author         = "Amendola, Luca and others",
      title          = "{Cosmology and Fundamental Physics with the Euclid
                        Satellite}",
      year           = "2016",
      eprint         = "1606.00180",
      archivePrefix  = "arXiv",
      primaryClass   = "astro-ph.CO",
      SLACcitation   = "%%CITATION = ARXIV:1606.00180;%%"
}

@article{Ghosh:2018nsm,
      author         = "Ghosh, Basundhara and Durrer, Ruth and Sellentin, Elena",
      title          = "{General Relativistic corrections in density-shear
                        correlations}",
      journal        = "JCAP",
      volume         = "1806",
      year           = "2018",
      number         = "06",
      pages          = "008",
      doi            = "10.1088/1475-7516/2018/06/008",
      eprint         = "1801.02518",
      archivePrefix  = "arXiv",
      primaryClass   = "astro-ph.CO",
      SLACcitation   = "%%CITATION = ARXIV:1801.02518;%%"
}